@misc{semtech, 
	author = {{Semtech Corporation}}, 
	title = "What Is LoRa?", 
	url = "https://www.semtech.com/lora/what-is-lora", 
	note = "letzter Zugriff: 05.02.2022"
}

@misc{loramodulation, 
	author = {{Semtech Corporation}}, 
	title = "AN1200.22 LoRa Modulation Basics",
	edition={Revision 2},
	year = "2015",
	month = "5"
}

@misc{loraparameter, 
	author = {{LoRa Alliance}}, 
	title = "RP002-1.0.3 LoRaWANÂ® Regional Parameters",
	year = "2021",
	url = "https://lora-alliance.org/wp-content/uploads/2021/05/RP-2-1.0.3.pdf", 
	note = "letzter Zugriff: 05.02.2022"
}

@ARTICLE{loralimits,
	author={Adelantado, Ferran and Vilajosana, Xavier and Tuset-Peiro, Pere and Martinez, Borja and Melia-Segui, Joan and Watteyne, Thomas},
	journal={IEEE Communications Magazine}, 
	title={Understanding the Limits of LoRaWAN}, 
	year={2017},
	volume={55},
	number={9},
	pages={34-40},
	doi={10.1109/MCOM.2017.1600613}
}

@misc{lorawanarchitecture, 
	author = {{The Things Industries}}, 
	title = "LoRaWAN Architecture",
	url = "https://www.thethingsnetwork.org/docs/lorawan/architecture", 
	note = "letzter Zugriff: 06.02.2022"
}

@misc{loraactivation, 
	author = {{The Things Industries}}, 
	title = "End Device Activation",
	year = "2021",
	url = "https://www.thethingsnetwork.org/docs/lorawan/end-device-activation", 
	note = "letzter Zugriff: 05.02.2022"
}

@misc{loraclasses, 
	author = {{The Things Industries}}, 
	title = "Device Classes",
	year = "2021",
	url = "https://www.thethingsnetwork.org/docs/lorawan/classes", 
	note = "letzter Zugriff: 05.02.2022"
}

@misc{lorabasics, 
	author = {{Eric B.}}, 
	title = "LoRa",
	year = "2018",
	url = "https://lora.readthedocs.io/en/latest", 
	note = "letzter Zugriff: 05.02.2022"
}

@misc{lorachirps, 
	author = {Ghoslya, Sakshama}, 
	title = "LoRa: Symbol Generation", 
	url = "https://www.sghoslya.com/p/lora-is-chirp-spread-spectrum.html", 
	note = "letzter Zugriff: 05.02.2022"
}

@misc{loraorthogonal, 
	author = {Ghoslya, Sakshama}, 
	title = "LoRa: Orthogonality", 
	url = "https://www.sghoslya.com/p/lora_6.html", 
	note = "letzter Zugriff: 05.02.2022"
}